@book{cobos2010,
  author    = {Sergio Gerardo de los Cobos Silva and John Goddard Close and Miguel Ángel Gutiérrez Andrade and Alma Edith Martínez Licona},
  title     = {Búsqueda y exploración estocástica},
  year      = {2010},
  publisher = {Libros CBI, Universidad Autónoma Metropolitana Iztapalapa},
  address   = {México},
  url       = {https://libroscbi.izt.uam.mx/index.php/lcbi/catalog/book/99}
}

@article{maldonado2013problema,
  author  = {Carlos Maldonado},
  title   = {Un problema fundamental en la investigación: Los problemas P vs. NP},
  journal = {Revista Logos, Ciencia \& Tecnología},
  year    = {2013},
  volume  = {4},
  number  = {2},
  pages   = {10--20},
  url     = {https://www.redalyc.org/pdf/5177/517751544002.pdf}
}
@article{Flores2014,
  author  = {Flores Cabezas, Xavier Alejandro},
  title   = {Problemas del Milenio: P vs NP},
  journal = {Revista de Divulgación Amarun},
  year    = {2014},
  volume  = {1},
  pages   = {1--15},
  url     = {https://amarun.org/images/amarun/editorial/revista/Rev_Div_Amarun_1_2014_PvsNP.pdf}
}

@article{antonioSuarez2014,
  author  = {Antonio Suárez, Orlando},
  title   = {Una aproximación a la heurística y metaheurísticas},
  journal = {INGE@UAN -- Tendencias en la Ingeniería},
  volume  = {1},
  number  = {2},
  year    = {2014},
  url     = {https://revistas.uan.edu.co/index.php/ingeuan/article/view/217}
}

@book{duarte2007metaheuristicas,
  author    = {Abraham Duarte Muñoz and Juan José Pantrigo Fernández and Micael Gallego Carrillo},
  title     = {Metaheurísticas},
  publisher = {Dykinson},
  year      = {2007},
  address   = {Madrid, España},
  url       = {https://books.google.com.mx/books?hl=es&lr=&id=KHWqm14sf1cC&oi=fnd&pg=PA1&dq=metaheur%C3%ADstica&ots=VYKMeGFUPv&sig=EisODvDVFN_JOVoj5UQ0tHjTnX4&redir_esc=y#v=onepage&q=metaheur%C3%ADstica&f=false}
}

@book{papadimitriou1998,
  author = {Papadimitriou, Christos H. and Steiglitz, Kenneth},
  title = {Combinatorial Optimization: Algorithms and Complexity},
  year = {1998},
  publisher = {Dover Publications},
  address = {New York}
}

@article{lopez2014tabu,
  author       = {López, Erasmo and Salas, Óscar and Murillo, Álex},
  title        = {El Problema del Agente Viajero: Un algoritmo determinístico usando búsqueda tabú},
  journal      = {Revista de Matemática: Teoría y Aplicaciones},
  volume       = {21},
  number       = {1},
  year         = {2014},
  pages        = {127--144},
  issn         = {1409-2433},
  url          = {https://www.redalyc.org/pdf/453/45331281008.pdf}
}

@article{torres2018,
  author       = {Torres-Jiménez, J. and Aguilar-Melendéz, A. and Cedillo-Campos, M. G.},
  title        = {El problema del agente viajero con restricciones de ventanas de tiempo: revisión y clasificación de métodos de solución},
  journal      = {Revista Iberoamericana de Automática e Informática Industrial},
  year         = {2018},
  volume       = {15},
  number       = {4},
  pages        = {440--452},
  doi          = {10.4995/riai.2018.9257},
  url          = {https://polipapers.upv.es/index.php/RIAI/article/view/9257/9280}
}

@article{daza2009,
  author = {Julio Mario Daza and Jairo R. Montoya and Francesco Narducci},
  title = {Resolución del problema de enrutamiento de vehículos con limitaciones de capacidad utilizando un procedimiento metaheurístico de dos fases},
  journal = {Revista EIA},
  year = {2009},
  number = {12},
  pages = {23--38},
  month = {diciembre},
  issn = {1794-1237},
  publisher = {Escuela de Ingeniería de Antioquia},
  address = {Medellín, Colombia},
  url = {http://scielo.org.co/pdf/eia/n12/n12a03.pdf}
 
}

@book{toth2014,
  author    = {Paolo Toth and Daniele Vigo},
  title     = {Vehicle Routing: Problems, Methods, and Applications},
  publisher = {SIAM (Society for Industrial and Applied Mathematics)},
  year      = {2014},
  edition   = {2nd},
  isbn      = {978-1611973594}
}

@inproceedings{pino2011,
  author    = {Raúl Pino and Jesús Lozano and Carlos Martínez and Verónica Villanueva},
  title     = {Estado del arte para la resolución de enrutamiento de vehículos con restricciones de capacidad},
  booktitle = {Actas del 5th International Conference on Industrial Engineering and Industrial Management y XV Congreso de Ingeniería de Organización},
  pages     = {847--856},
  year      = {2011},
  address   = {Cartagena, España},
  url       = {http://adingor.es/congresos/web/uploads/cio/cio2011/metodos_cuantitativos/847-856.pdf}
}

